<record><leader>00000cas a22000007a 4500</leader><controlfield tag="001">36112809</controlfield><controlfield tag="008">961219d19281962okudn n       0    0eng d</controlfield><datafield ind1=" " ind2=" " tag="010"><subfield code="a">sn 96093322 </subfield></datafield><datafield ind1=" " ind2=" " tag="040"><subfield code="a">OBN</subfield><subfield code="b">eng</subfield><subfield code="c">OBN</subfield><subfield code="d">OCLCQ</subfield><subfield code="d">OCLCF</subfield><subfield code="d">OCLCO</subfield></datafield><datafield ind1="1" ind2=" " tag="029"><subfield code="a">AU@</subfield><subfield code="b">000013023313</subfield></datafield><datafield ind1=" " ind2=" " tag="042"><subfield code="a">msc</subfield></datafield><datafield ind1=" " ind2=" " tag="043"><subfield code="a">n-us-ok</subfield></datafield><datafield ind1="0" ind2="0" tag="245"><subfield code="a">Miami daily news-record.</subfield></datafield><datafield ind1="3" ind2=" " tag="246"><subfield code="a">Miami daily news-record tri-state district daily</subfield></datafield><datafield ind1=" " ind2=" " tag="260"><subfield code="a">Miami, Okla. :</subfield><subfield code="b">Miami News-Record Pub. Co.</subfield></datafield><datafield ind1=" " ind2=" " tag="300"><subfield code="a">v.</subfield></datafield><datafield ind1=" " ind2=" " tag="310"><subfield code="a">Daily (except Sat. and Sun.)</subfield></datafield><datafield ind1="0" ind2=" " tag="362"><subfield code="a">Vol. 26, no. 132 (Nov. 18, 1928)-v. 60, no. 66 (Sep. 14, 1962).</subfield></datafield><datafield ind1=" " ind2=" " tag="500"><subfield code="a">"Tri-State District Daily" under masthead Nov. 18, 1928-Feb. 3, 1929.</subfield></datafield><datafield ind1=" " ind2="0" tag="651"><subfield code="a">Miami (Okla.)</subfield><subfield code="v">Newspapers.</subfield></datafield><datafield ind1=" " ind2="0" tag="651"><subfield code="a">Ottawa County (Okla.)</subfield><subfield code="v">Newspapers.</subfield></datafield><datafield ind1=" " ind2="7" tag="655"><subfield code="a">Newspapers.</subfield><subfield code="2">fast</subfield><subfield code="0">(OCoLC)fst01423814</subfield></datafield><datafield ind1=" " ind2="7" tag="651"><subfield code="a">Oklahoma</subfield><subfield code="z">Miami.</subfield><subfield code="2">fast</subfield><subfield code="0">(OCoLC)fst01220561</subfield></datafield><datafield ind1=" " ind2="7" tag="651"><subfield code="a">Oklahoma</subfield><subfield code="z">Ottawa County.</subfield><subfield code="2">fast</subfield><subfield code="0">(OCoLC)fst01223116</subfield></datafield><datafield ind1=" " ind2=" " tag="752"><subfield code="a">United States</subfield><subfield code="b">Oklahoma</subfield><subfield code="c">Ottawa</subfield><subfield code="d">Miami.</subfield></datafield><datafield ind1="0" ind2="0" tag="780"><subfield code="t">Miami news-record (Miami, Okla. : 1924)</subfield><subfield code="w">(DLC)sn 86064101</subfield><subfield code="w">(OCoLC)13676443</subfield></datafield><datafield ind1="0" ind2="0" tag="785"><subfield code="t">Miami news-record (Miami, Okla. : 1926)</subfield><subfield code="w">(DLC)sn 96093323</subfield><subfield code="w">(OCoLC)36112893</subfield></datafield></record>